2112 2406
1660 175 1681 209 9

205 276 302 318 atque
330 280 366 304 ea
395 268 525 304 demum
554 281 583 303 in
612 266 774 303 sacrificiis
803 266 1001 319 utuntur'’*).
1032 270 1080 305 De
1108 269 1190 306 farre
1227 277 1334 306 autem
1371 269 1411 305 ad
1443 269 1527 304 bunc
1559 280 1652 304 usum
1683 270 1742 303 rite

207 346 345 397 parando
374 349 415 383 ita
460 346 524 383 fere
566 346 712 382 Servius:
755 346 898 395 Virgines
944 348 1084 384 vaetaloe
1123 357 1187 385 tres
1224 351 1372 386 maximae
1409 351 1514 398 spicas
1550 347 1682 384 adoreas
1712 349 1741 383 iu

206 426 356 463 corbibus
385 427 568 462 messuariis
596 433 718 475 ponunt
745 438 864 475 easque
889 433 1026 473 torrent,
1058 429 1203 477 pinsunt,
1234 429 1372 473 molunt,
1400 436 1498 478 atque
1527 430 1567 463 ita
1598 427 1742 463 molitum

208 506 357 543 condunt.
417 507 464 541 Ex
495 517 533 541 eo
563 505 645 540 farre
674 513 723 541 ter
753 507 784 541 in
810 518 892 542 anno
919 506 1033 542 molam
1062 507 1196 553 faciunt,
1240 508 1362 556 adjecto
1406 507 1473 543 sale
1502 515 1593 543 cocto
1621 514 1654 542 et
1678 506 1745 542 sale

209 582 366 631 dur0''“).
422 585 501 621 Haec
530 584 611 620 mola
639 584 739 629 salsa,
768 597 865 634 quam
899 584 1071 631 vocabant,
1111 586 1330 623 continebatur
1357 577 1471 623 salino:
1506 586 1608 634 quod,
1651 593 1686 621 ut
1713 587 1743 621 in

212 665 280 700 foco
312 664 475 713 patellam,
503 668 550 701 sic
579 667 609 701 in
637 676 745 701 mensa
762 666 898 714 positum
914 676 1041 714 semper
1056 666 1220 715 oportebat
1232 665 1377 717 esse''');
1406 668 1435 701 in
1461 677 1563 714 eoque
1593 667 1747 714 imprimis

212 748 379 793 conspicua
403 752 472 781 erat
499 757 553 791 ea,
594 758 668 795 quae
701 744 850 782 omnibus
873 745 903 780 in
934 743 1030 781 rebus
1057 748 1176 782 servari
1204 745 1326 782 solebat
1354 745 1564 794 munditia†).
1621 745 1747 789 Quanta

211 833 319 860 autern
351 827 553 860 veneratione
581 826 662 860 hanc
693 837 759 860 rem
789 826 852 860 sint
876 826 1032 871 prosecuti
1064 825 1210 870 Romani,
1240 838 1354 873 magno
1382 825 1571 860 documento
1597 833 1647 860 est
1663 825 1747 874 quod

214 911 246 938 et
276 905 371 939 moris
399 904 458 939 fuit
488 917 597 939 eorum
643 916 700 952 per
741 916 884 939 mensam
918 903 1138 952 jusjurandum
1182 903 1283 939 facere
1315 904 1357 939 ab
1387 916 1488 952 eaque
1515 916 1663 950 surgere,
1691 906 1749 938 nisi

214 989 340 1031 peracta
371 993 485 1028 coena,
515 981 654 1031 religioni
671 981 904 1030 habitum-ff).

408 1063 465 1097 His
490 1061 580 1098 brevi
610 1064 640 1098 in
668 1069 842 1110 conspectu
872 1063 997 1110 positis,
1032 1063 1208 1108 proximum
1233 1069 1298 1107 est,
1333 1069 1365 1099 ut
1393 1062 1432 1097 de
1468 1073 1550 1109 penu
1581 1060 1753 1096 afferamus

218 1140 374 1176 nonnulla.
432 1142 588 1177 Nimirum
618 1144 714 1177 etiam
745 1147 876 1190 penates
902 1140 969 1177 sale
994 1140 1179 1177 colebantur
1207 1148 1239 1176 et
1266 1140 1363 1187 farre,
1392 1148 1425 1177 et
1445 1140 1571 1177 interior
1586 1152 1660 1189 pars
1674 1139 1754 1176 aedis

217 1220 324 1256 Vestae
353 1232 455 1267 penus
485 1220 673 1257 vocabatur:
703 1232 799 1269 quam
827 1220 1070 1269 appellationem
1098 1233 1171 1256 cum
1202 1222 1326 1256 nomine
1358 1221 1467 1257 horum
1497 1220 1627 1256 deorum
1641 1219 1756 1255 cohae-

217 1312 288 1336 rere
319 1300 522 1336 manifestum
549 1309 607 1337 est.

297 1412 324 1441 ⁹)
344 1412 415 1438 Fest.
436 1412 478 1438 ed.
500 1411 618 1437 Mueller
638 1418 703 1444 pag.
729 1410 785 1437 158.

285 1469 326 1505 ⁰)
345 1471 421 1498 Serv.
442 1471 518 1503 virg.
542 1472 636 1497 Bucol.
658 1470 735 1502 vm,
758 1471 804 1497 82.

275 1533 327 1561 ''')
349 1531 474 1557 Clausen.

286 1591 323 1624 Ἠ
345 1591 444 1618 Catuli.
465 1591 573 1621 xxm,
600 1590 639 1622 19,
663 1605 698 1609 —
724 1591 819 1624 purior
838 1591 936 1618 salillo.

262 1652 322 1685 †-1-)
345 1651 424 1678 Hanc
443 1652 608 1679 sententiam
630 1652 657 1678 in
678 1652 799 1679 medium
821 1653 924 1685 profert
944 1650 1113 1679 Clauscnius,
1135 1650 1243 1675 Festum
1264 1653 1404 1675 auctorem
1425 1650 1602 1675 laudamini:
1624 1649 1762 1681 «Migrare

353 1719 455 1743 mensa,
477 1712 552 1746 quod
574 1712 679 1745 legibus
700 1712 758 1744 ejus
776 1719 854 1738 sacra
874 1715 943 1739 esset
962 1711 1068 1743 diisque
1089 1710 1181 1743 templi
1203 1709 1300 1742 posita.
1326 1710 1528 1741 inauspicatum
1543 1710 1617 1742 apud
1633 1710 1763 1742 antiquo-

357 1773 534 1800 habebatur».
574 1772 677 1798 Verum
699 1777 791 1799 tamen
813 1773 840 1799 in
861 1772 912 1798 hac
932 1778 960 1798 re
980 1778 1074 1798 vereor
1099 1777 1132 1796 ne
1153 1769 1306 1803 paullulum
1326 1770 1389 1795 insit
1405 1769 1594 1796 dubitationis.
1637 1770 1764 1803 Namque

358 1834 428 1859 hanc
448 1833 568 1864 ejusdem
592 1833 642 1858 loci
675 1833 819 1859 lectionem
851 1832 931 1858 affert
961 1831 1124 1858 Muellerus:
1154 1830 1291 1862 «Migrare
1313 1837 1416 1859 mensa.
1438 1837 1498 1862 qua·
1520 1830 1580 1856 loco
1600 1837 1677 1856 sacro
1698 1835 1768 1856 esset

355 1894 451 1927 dlsque
472 1893 565 1926 templi
588 1893 674 1926 posita
697 1892 899 1926 inauspicatum
930 1891 1003 1924 apud
1034 1891 1162 1924 antiquos
1189 1889 1372 1916 habebaturm
1393 1897 1476 1923 quain
1500 1890 1643 1916 lectionem
1666 1897 1766 1924 quam-

358 1961 442 1987 quain
465 1953 671 1979 concedendum
703 1958 742 1980 est
775 1960 852 1987 posse
882 1957 909 1979 et
929 1953 1015 1985 ipsam
1047 1951 1187 1977 sententia·
1217 1950 1352 1977 clauscnii
1385 1951 1484 1981 tavei-(2,
1506 1955 1597 1977 tamen
1624 1951 1705 1978 habet
1728 1958 1769 1978 res

358 2014 490 2048 quiddam
514 2013 609 2039 incerti
631 2017 657 2038 et
678 2015 749 2047 vagi,
770 2014 806 2040 ita
828 2017 858 2039 ut
878 2013 953 2039 aliud
974 2019 1085 2045 quoque
1105 2018 1135 2037 ex
1156 2017 1186 2036 ea
1212 2010 1338 2037 concludi
1360 2019 1439 2044 posse
1460 2011 1594 2038 videatur.
