2750 2817
2063 342 2085 376 9

608 443 706 484 atque
733 447 770 470 ea
798 435 928 471 demum
958 436 987 469 in
1015 432 1177 469 sacrificiis
1206 433 1405 485 utuntur”').
1435 437 1483 472 De
1511 436 1594 472 farre
1629 443 1737 472 autem
1774 435 1814 471 ad
1846 435 1931 471 hunc
1962 446 2056 470 usum
2086 436 2146 470 rite

610 513 748 564 parando
777 515 819 550 ita
862 513 927 549 fere
969 513 1115 549 Servius:
1158 512 1301 561 Virginae
1346 514 1488 550 Vestales
1526 523 1590 551 tres
1626 517 1776 552 maximae
1812 517 1918 564 spicas
1953 514 2086 550 adoreas
2115 515 2145 548 iu

609 592 759 629 corbibus
788 594 971 629 messuariis
999 599 1121 641 ponunt
1148 604 1267 642 easque
1292 600 1429 640 torrent,
1461 596 1607 644 pinsunt,
1637 595 1776 640 molunt,
1803 602 1901 645 atque
1930 596 1971 629 ita
2001 593 2146 629 molitum

611 672 761 709 condunt.
820 672 867 707 Ex
898 683 936 707 eo
966 671 1048 706 farre
1077 678 1127 707 ter
1156 673 1187 707 in
1213 680 1295 708 anno
1321 672 1436 708 molam
1465 672 1600 719 faciunt,
1642 673 1765 722 adjecto
1809 672 1877 709 sale
1905 679 1997 709 cocto
2024 679 2058 708 et
2081 671 2149 708 sala

612 747 769 797 dur0'’“).
825 751 905 787 Haec
934 750 1015 786 mola
1042 750 1142 795 salsa,
1171 762 1269 800 quam
1301 750 1474 797 vocabant,
1513 752 1733 789 continebatur
1760 742 1875 789 salino:
1909 751 2012 800 quod,
2054 758 2090 787 ut
2116 752 2147 787 in

578 877 580 882 y
615 831 684 866 foco
715 830 879 879 patellam,
907 833 954 867 sic
982 833 1012 867 in
1040 842 1149 867 mensa
1165 831 1302 880 positum
1317 842 1444 880 semper
1459 831 1624 881 oportebat
1635 830 1781 883 esse''');
1809 834 1838 867 in
1863 843 1966 880 eoque
1996 832 2150 880 imprimis

615 914 783 960 conspicue
806 918 876 947 erat
903 923 956 957 ea,
997 923 1072 961 quae
1105 910 1253 948 omnibus
1276 911 1307 946 in
1337 909 1434 947 rebus
1460 914 1579 948 servari
1607 911 1729 948 solebat
1757 911 1968 960 munditia†).
2024 911 2150 955 Quanta

614 999 722 1027 autem
754 993 956 1027 veneratione
984 992 1065 1027 banc
1095 1003 1163 1026 rem
1192 992 1256 1027 sint
1279 993 1436 1038 prosecuti
1467 991 1614 1037 Romani,
1643 1004 1757 1040 magno
1785 991 1975 1027 documento
2000 991 2151 1040 estquod

617 1077 650 1105 et
679 1072 774 1106 moris
802 1071 861 1106 fuit
891 1082 1001 1106 eorum
1046 1082 1103 1119 per
1143 1082 1287 1106 mensam
1321 1069 1542 1119 jusjurandum
1585 1070 1687 1106 facere
1718 1069 1760 1106 ab
1790 1082 1892 1119 eaque
1918 1071 2067 1118 surgere,
2094 1072 2152 1106 nisi

617 1156 743 1199 peracta
774 1161 888 1195 coena,
918 1149 1058 1198 religioni
1074 1149 1307 1198 habitum†-1-).

811 1229 869 1266 His
893 1228 983 1266 brevi
1013 1231 1043 1266 in
1071 1235 1245 1278 conspectu
1275 1229 1400 1278 positis,
1435 1230 1611 1276 proximum
1636 1235 1701 1274 est,
1735 1236 1769 1268 ut
1796 1228 1836 1265 de
1871 1240 1954 1278 penu
1984 1227 2157 1264 afferamus

621 1308 778 1345 nonnulla.
834 1310 991 1346 Nimirum
1021 1312 1118 1346 etiam
1148 1316 1279 1359 penates
1305 1309 1372 1345 sale
1396 1308 1582 1345 colebantur
1610 1316 1642 1345 et
1669 1309 1766 1356 farre,
1795 1316 1828 1345 et
1847 1308 1974 1346 interior
1989 1320 2063 1358 pars
2077 1307 2157 1345 aedis

620 1388 727 1425 Voetae
755 1400 858 1437 penus
888 1387 1076 1426 vocabatur:
1106 1400 1203 1438 quam
1230 1388 1474 1438 appellationem
1501 1400 1574 1425 cum
1604 1390 1729 1425 nomine
1761 1389 1871 1426 horum
1899 1387 2030 1425 deorum
2044 1387 2159 1424 oohae-

620 1481 692 1505 rere
723 1469 925 1505 manifestum
952 1477 1011 1505 est.

700 1581 727 1611 ⁸)
747 1581 818 1608 Fest.
839 1581 882 1608 ed.
902 1580 1021 1607 Mueller
1041 1587 1106 1614 pag.
1132 1579 1189 1606 158.

687 1639 730 1675 ⁰)
748 1640 824 1669 Serv.
845 1640 921 1673 virg.
945 1641 1039 1668 Bucol.
1061 1640 1139 1673 vm,
1161 1641 1208 1668 82.

678 1703 731 1732 ““·)
752 1701 877 1728 Clausen.

689 1762 727 1795 -Η
748 1762 847 1789 Catull.
868 1762 976 1793 xxm,
1003 1761 1042 1793 19,
1066 1776 1101 1780 —
1127 1762 1222 1795 purior
1241 1762 1340 1789 salillo.

665 1822 726 1856 ἢ)
748 1822 827 1849 Hunc
846 1823 1011 1850 sententiam
1033 1822 1061 1848 in
1081 1823 1202 1850 medium
1224 1823 1327 1857 profert
1347 1820 1517 1850 eumenius,
1537 1820 1646 1846 Festum
1667 1823 1807 1845 auctorem
1828 1820 1943 1846 laudans
1953 1820 2005 1846 ita:
2027 1820 2166 1853 «Migrare

756 1889 859 1915 mensa,
880 1883 955 1918 quod
977 1882 1083 1916 legibus
1103 1882 1161 1915 ejus
1179 1889 1257 1909 secra
1277 1885 1346 1910 esset
1365 1881 1471 1915 diisque
1491 1880 1584 1915 templi
1605 1880 1704 1913 posita.
1729 1880 1931 1913 inauspicatum
1946 1880 2020 1913 apud
2036 1880 2167 1913 antiquos

759 1944 937 1970 habebatur».
977 1942 1081 1969 Verum
1101 1948 1195 1970 tamen
1216 1943 1244 1969 in
1263 1943 1316 1969 hac
1335 1949 1364 1969 re
1382 1948 1478 1968 vereor
1502 1948 1536 1967 ne
1556 1940 1709 1973 paullulum
1729 1940 1793 1966 insit
1808 1940 1997 1967 dubitationis.
2040 1941 2168 1974 Namque

761 2004 832 2030 hanc
851 2004 972 2036 ejusdem
995 2003 1045 2029 loci
1077 2004 1222 2030 lectionem
1254 2003 1335 2029 affert
1364 2002 1528 2029 Muellerus:
1557 2001 1694 2034 «Migrare
1716 2008 1820 2031 mensu,
1841 2007 1902 2033 qum
1922 2000 1983 2027 loeo
2003 2008 2081 2027 suero
2101 2005 2171 2028 esset

759 2066 855 2099 disque
875 2065 969 2098 templi
991 2065 1078 2098 posita
1100 2064 1303 2098 inauspicatum
1332 2063 1406 2097 apud
1437 2063 1565 2096 antiquos
1592 2061 1775 2089 habebaturu:
1796 2069 1880 2095 quam
1902 2062 2047 2089 lectionem
2069 2069 2170 2096 quam-

761 2133 845 2160 quam
868 2125 1075 2152 eoncedendmn
1106 2130 1146 2152 est
1177 2132 1255 2159 posse
1285 2129 1313 2152 et
1332 2125 1418 2158 ipsam
1450 2122 1590 2150 sententia·
1620 2122 1755 2149 Clausenii
1788 2123 1888 2154 favere,
1909 2127 2001 2149 tamen
2027 2122 2109 2150 habet
2131 2130 2173 2150 res

762 2185 893 2220 quiddam
918 2184 1013 2211 incerti
1034 2188 1061 2210 et
1081 2186 1153 2219 vagi,
1173 2185 1210 2212 ita
1231 2189 1262 2211 ut
1281 2184 1356 2211 aliud
1377 2190 1490 2217 quoque
1508 2189 1539 2209 ex
1559 2188 1589 2208 ea
1615 2182 1742 2209 concludi
1764 2190 1843 2216 posse
1864 2183 1998 2210 videatur.

1189 2283 1625 2297 επ
