2112 2406
303 162 329 200 2

244 256 326 295 vitae
353 260 530 308 spectaret
558 264 666 307 quam
696 253 846 292 maxime
875 261 910 292 et
940 253 982 292 ad
1013 252 1201 293 utilitatem.
1260 255 1434 301 Quocirca
1472 269 1558 299 non,
1593 255 1802 294 Graecorum

241 342 356 374 more.
384 327 514 368 infinita
543 327 692 367 deorum
723 327 756 367 vi
787 327 925 381 penitus
954 328 1214 382 cognoscenda,
1243 328 1277 368 id
1309 328 1522 375 nitebantur.
1553 336 1591 369 ut
1620 329 1803 368 evolvere-

240 412 299 444 tur
342 410 465 444 natura
508 415 628 442 rerum
674 401 904 442 humanarum
942 417 983 443 ac
1019 410 1196 459 tamquam
1234 403 1267 443 in
1304 403 1449 444 clariore
1486 403 1563 444 luce
1600 410 1804 458 poneretur:

241 491 426 534 quumque
455 478 489 517 in
518 476 674 516 colendis
703 476 767 516 diis
795 477 950 531 speciem
980 476 1156 532 quandam
1199 477 1462 531 pulchritudinis
1501 478 1720 532 potissimum
1749 490 1806 516 se-

245 560 440 607 querentur
468 550 528 596 illi,
557 550 592 609 bi
619 550 882 591 accuratissimo
911 551 1201 590 caeremoniarum
1231 558 1398 605 apparatu
1428 551 1508 591 nihil
1537 551 1711 606 antiquius
1740 550 1806 590 du-

247 633 382 666 xerunt.
440 625 485 664 Et
513 632 631 664 tamen
660 625 802 664 diverso
831 625 930 679 quasi
950 624 1071 664 itinere
1088 639 1268 665 summum
1289 624 1454 679 quiddam
1475 626 1648 665 invenisse
1670 632 1806 664 utrum-

244 713 316 755 que
351 698 537 754 populum.
573 711 645 753 uon
680 706 734 739 est
771 698 909 739 difficile
942 698 985 738 ad
1018 697 1263 772 judicandum:
1299 698 1429 754 quippe
1457 699 1552 753 quod
1583 699 1698 739 Graeci
1728 712 1807 752 per·

242 774 371 812 sectam
401 771 491 811 illam
521 779 629 827 atque
657 772 851 812 absolutam
890 786 1009 812 rerum
1050 773 1219 813 rationem
1264 780 1550 828 assequerentur;
1593 787 1662 827 qua
1698 772 1807 812 conti-

244 855 348 909 netur
377 846 480 903 etiam
511 846 609 891 illud,
643 846 741 900 quod
777 848 1017 905 convenientia
1043 854 1295 900 concentuque
1322 847 1472 920 partium
1501 847 1638 905 chlw'
1669 846 1810 925 nopu‘qq

243 903 311 961 rito
335 895 545 975 appelletur:
574 918 723 960 Romani
752 928 887 966 autem,
915 919 1110 976 quaerendo
1140 934 1194 966 ea,
1225 919 1306 975 quie
1335 919 1409 961 ad
1414 915 1698 975 un'amquam'que
1732 914 1831 970 rein„

242 992 508 1035 accommodata
552 1002 670 1033 essent
714 1001 749 1033 et
792 1002 887 1049 apta.
937 993 1237 1049 quemadmodum
1290 994 1373 1039 boc,
1417 993 1516 1048 quod
1561 995 1641 1034 vitae
1685 993 1810 1034 datum

241 1076 311 1113 est,
355 1067 607 1111 traduceretur,
650 1068 818 1121 optimam
864 1076 1100 1107 monstrarent
1143 1068 1244 1107 viam.
1304 1068 1385 1116 Quo
1429 1069 1559 1107 factum
1595 1076 1663 1112 est,
1699 1076 1739 1107 ut
1768 1065 1811 1124 ghi·

245 1143 381 1197 legibus
407 1141 481 1182 suis
509 1141 666 1182 omnium
695 1155 838 1196 semper
865 1142 1020 1195 gentium
1051 1142 1234 1197 imperium
1270 1149 1444 1188 tenerent,
1486 1142 1530 1182 iui
1559 1142 1691 1182 artibus
1719 1133 1811 1181 litte-J

245 1218 373 1272 risque.
431 1215 684 1256 Abhorrebaut
712 1223 830 1255 autem
866 1216 911 1255 ab
947 1216 1189 1256 Romanorum
1218 1215 1363 1270 ingeniis
1390 1214 1506 1265 studia
1533 1215 1717 1257 doctrinae:
1746 1215 1808 1270 qui

245 1302 356 1346 quum
377 1290 569 1330 stoicorum
591 1289 665 1328 fere
695 1302 795 1329 more
823 1303 881 1334 ea,
910 1301 994 1343 quae
1021 1289 1111 1329 dura
1138 1297 1245 1344 atque
1274 1303 1395 1343 aspera
1425 1298 1557 1333 essent.
1587 1290 1807 1344 potissimum

244 1363 535 1419 amplexarentur,
570 1361 842 1403 admiu'sstranda
878 1363 995 1418 potius
1032 1363 1210 1418 republica
1239 1363 1441 1418 bellicisque
1470 1363 1670 1409 virtutibus,
1700 1368 1808 1418 quani

241 1437 519 1477 mansuetiorum
550 1450 635 1476 cura
664 1437 863 1487 Musarum.
892 1437 1037 1490 gloriam
1069 1437 1283 1490 quaerebant.
1342 1436 1434 1475 Nihil
1464 1437 1568 1491 igitur
1594 1437 1807 1491 magis'con-

239 1517 447 1551 seutaneum
492 1509 644 1556 veritati,
669 1524 794 1565 -quam
838 1493 986 1551 Sallustii
1031 1510 1128 1551 illud:
1171 1512 1306 1551 »Nemo
1349 1505 1524 1565 ingenium
1553 1511 1629 1551 sine
1657 1524 1809 1566 corpore

240 1567 446 1631 exercebam
474 1584 629 1637 optimus
649 1584 799 1638 quisque
819 1584 949 1628 facere.
978 1584 1247 1639 quamdicere,
1276 1598 1339 1624 sua
1368 1583 1413 1624 ab
1441 1584 1513 1624 aliis
1542 1585 1631 1624 facta
1661 1583 1813 1630 laudari‚'

241 1672 349 1713 quam
378 1657 453 1712 ipse
480 1657 628 1698 aliorum
657 1667 800 1698 narr-are
828 1658 1005 1698 malebat»
1062 1660 1140 1699 Nec
1174 1671 1261 1698 vero
1296 1658 1403 1699 ullum
1431 1658 1498 1699 sibi
1525 1659 1676 1713 spatium
1705 1658 1808 1699 retin-

243 1732 407 1786 qualum-⁵
428 1731 472 1771 ad
501 1745 543 1772 ea
572 1732 831 1787 cognoscenda,
867 1746 951 1787 quae·
979 1732 1023 1772 ad
1062 1734 1217 1773 Deorum
1253 1732 1423 1788 originem
1455 1733 1644 1788 pertinent,
1672 1740 1730 1772 aut
1755 1728 1807 1772 'nd

243 1805 522 1860 investigandum
552 1806 681 1861 aliquid
710 1807 766 1846 vel
795 1806 840 1846 de
868 1806 996 1847 finibus
1027 1807 1200 1846 bonorum
1237 1814 1272 1846 et
1308 1807 1493 1851 malorum,
1538 1807 1591 1846 vel
1622 1807 1666 1846 de
1694 1807 1805 1846 omni-

243 1893 303 1919 um
340 1891 460 1920 rerum
496 1880 687 1935 principiis:
731 1879 811 1920 illud
847 1880 962 1920 solum
999 1880 1037 1919 iis
1074 1880 1135 1920 suit
1171 1894 1282 1923 curae.
1318 1879 1618 1936 quemadmodum
1655 1888 1689 1920 et
1725 1880 1808 1934 ipsis

241 1953 465 1994 consulerent
485 1954 549 2007 vDii
578 1962 614 1994 et
642 1954 802 2006 hostibus
840 1962 1022 2000 nocerent,
1066 1962 1101 1993 et
1136 1953 1318 2009 quomodo
1346 1954 1461 1994 omnia
1491 1953 1534 1994 ad
1565 1955 1721 2008 ipsorum
1750 1969 1805 1993 sa-

242 2028 351 2069 lutem
395 2028 589 2083 augendam
633 2016 711 2069 aliav
738 2043 782 2070 ex
818 2028 888 2069 aliis
924 2038 1002 2084 apta
1039 2037 1074 2069 et
1109 2025 1206 2084 quasi
1244 2029 1449 2069 necessitate
1478 2043 1565 2069 nexa
1596 2028 1806 2068 viderentur.

246 2104 381 2157 Itaque,
400 2090 503 2157 quod¹
529 2111 675 2144 testatur
706 2105 778 2143 fere
808 2112 878 2144 tota
909 2105 1148 2144 Romanorum
1185 2105 1338 2150 historia,
1369 2104 1405 2143 iis
1436 2103 1653 2157 potissimum
1685 2102 1807 2142 fabulis
